@book{andrade99,
address={S\~ao Paulo},
author={M M de Andrade},
edition={3},
publisher={Atlas},
title={Como preparar trabalhos para cursos de p{\'o}s-gradua{\c c}\~ao},
year={1999}}

@book{gil91,
address={S\~ao Paulo},
author={A C Gil},
edition={3},
publisher={Atlas},
title={Como elaborar projetos de pesquisa},
year={1991}}

@article{arai2007hierarchical,
  title={Hierarchical K-means: an algorithm for centroids initialization for K-means},
  author={Arai, Kohei and Barakbah, Ali Ridho},
  journal={Reports of the Faculty of Science and Engineering},
  volume={36},
  number={1},
  pages={25--31},
  year={2007}
}

@article{blei2003latent,
  title={Latent dirichlet allocation},
  author={Blei, David M and Ng, Andrew Y and Jordan, Michael I},
  journal={Journal of machine Learning research},
  volume={3},
  number={Jan},
  pages={993--1022},
  year={2003}
}

@article{blei2012probabilistic,
  title={Probabilistic topic models},
  author={Blei, David M},
  journal={Communications of the ACM},
  volume={55},
  number={4},
  pages={77--84},
  year={2012},
  publisher={ACM}
}

@incollection{aldous1985exchangeability,
  title={Exchangeability and related topics},
  author={Aldous, David J},
  booktitle={{\'E}cole d'{\'E}t{\'e} de Probabilit{\'e}s de Saint-Flour XIII—1983},
  pages={1--198},
  year={1985},
  publisher={Springer}
}

@article{hu2009latent,
  title={Latent dirichlet allocation for text, images, and music},
  author={Hu, Diane J},
  journal={University of California, San Diego. Retrieved April},
  volume={26},
  pages={2013},
  year={2009}
}

@inproceedings{macqueen1967some,
  title={Some methods for classification and analysis of multivariate observations},
  author={MacQueen, James and others},
  booktitle={Proceedings of the fifth Berkeley symposium on mathematical statistics and probability},
  volume={1},
  number={14},
  pages={281--297},
  year={1967},
  organization={Oakland, CA, USA.}
}

@article{jordan1999introduction,
  title={An introduction to variational methods for graphical models},
  author={Jordan, Michael I and Ghahramani, Zoubin and Jaakkola, Tommi S and Saul, Lawrence K},
  journal={Machine learning},
  volume={37},
  number={2},
  pages={183--233},
  year={1999},
  publisher={Springer}
}

@inproceedings{rehurek_lrec,
      title = {{Software Framework for Topic Modelling with Large Corpora}},
      author = {Radim {\v R}eh{\r u}{\v r}ek and Petr Sojka},
      booktitle = {{Proceedings of the LREC 2010 Workshop on New
           Challenges for NLP Frameworks}},
      pages = {45--50},
      year = 2010,
      month = May,
      day = 22,
      publisher = {ELRA},
      address = {Valletta, Malta},
      note={\url{http://is.muni.cz/publication/884893/en}},
      language={English}
}

@phdthesis{vrehuuvrek2011scalability,
  title={Scalability of Semantic Analysis in Natural Language Processing},
  author={Řehůřek, Radim},
  year={2011},
  school={Masarykova univerzita, Fakulta informatiky}
}

@inproceedings{yuan2004new,
  title={A new algorithm to get the initial centroids},
  author={Yuan, Fang and Meng, Zeng-Hui and Zhang, Hong-Xia and Dong, Chun-Ru},
  booktitle={Machine Learning and Cybernetics, 2004. Proceedings of 2004 International Conference on},
  volume={2},
  pages={1191--1193},
  year={2004},
  organization={IEEE}
}

@article{mikolov2013efficient,
  title={Efficient estimation of word representations in vector space},
  author={Mikolov, Tomas and Chen, Kai and Corrado, Greg and Dean, Jeffrey},
  journal={arXiv preprint arXiv:1301.3781},
  year={2013}
}

@article{porter1980algorithm,
  title={An algorithm for suffix stripping},
  author={Porter, Martin F},
  journal={Program},
  volume={14},
  number={3},
  pages={130--137},
  year={1980},
  publisher={MCB UP Ltd}
}

@misc{radicati2017,
title = {Email Statistics Report, 2017-2021},
author = {{The Radicati Group Inc.}},
year = {2017},
}

@book{Bird:2009:NLP:1717171,
 author = {Bird, Steven and Klein, Ewan and Loper, Edward},
 title = {Natural Language Processing with Python},
 year = {2009},
 isbn = {0596516495, 9780596516499},
 edition = {1st},
 publisher = {O'Reilly Media, Inc.},
}

@phdthesis{ozcaglar2008classification,
  title={Classification of email messages into topics using latent dirichlet allocation},
  author={Ozcaglar, Cagri},
  year={2008},
  school={Rensselaer Polytechnic Institute}
}

@inproceedings{roder2015exploring,
  title={Exploring the space of topic coherence measures},
  author={R{\"o}der, Michael and Both, Andreas and Hinneburg, Alexander},
  booktitle={Proceedings of the eighth ACM international conference on Web search and data mining},
  pages={399--408},
  year={2015},
  organization={ACM}
}

@inproceedings{sievert2014ldavis,
  title={LDAvis: A method for visualizing and interpreting topics},
  author={Sievert, Carson and Shirley, Kenneth E},
  year={2014}
}
